@article{Catani:2002hc,
      author         = "Catani, Stefano and Dittmaier, Stefan and Seymour,
                        Michael H. and Trocsanyi, Zoltan",
      title          = "{The Dipole formalism for next-to-leading order QCD
                        calculations with massive partons}",
      journal        = "Nucl. Phys.",
      volume         = "B627",
      year           = "2002",
      pages          = "189-265",
}

@article{Catani:1996vz,
      author         = "Catani, S. and Seymour, M. H.",
      title          = "{A General algorithm for calculating jet cross-sections
                        in NLO QCD}",
      journal        = "Nucl. Phys.",
      volume         = "B485",
      year           = "1997",
      pages          = "291-419",
}

@book{goethe1921faust,
  title={Faust},
  author={Goethe, Johann Wolfgang},
  volume={1},
  year={1921},
  publisher={Ripol Classic}
}

@book{haken2013atom,
  title={Atom-und Quantenphysik: Einf{\"u}hrung in die experimentellen und theoretischen Grundlagen},
  author={Haken, Hermann and Wolf, Hans Christoph},
  year={2013},
  publisher={Springer-Verlag}
}

@book{capelle1968vorsokratiker,
  title={Die Vorsokratiker: die Fragmente und Quellenberichte},
  author={Capelle, Wilhelm},
  volume={119},
  year={1968},
  publisher={Kr{\"o}ner}
}

@book{dalton2010new,
  title={A new system of chemical philosophy},
  author={Dalton, John},
  volume={1},
  year={2010},
  publisher={Cambridge University Press}
}

@book{demtroder2005experimentalphysik,
  title={Experimentalphysik},
  author={Demtr{\"o}der, Wolfgang},
  volume={2},
  year={2005},
  publisher={Springer}
}

@article{halzen1984quarks,
  title={Quarks \& Leptons John Wiley \& Sons},
  author={Halzen, Francis and Martin, Alan D},
  journal={New York},
  year={1984}
}

@article{halzen1984introductory,
  title={An introductory course in modern particle physics},
  author={Halzen, Francis and Martin, Alan D and Quarks, Leptons},
  journal={John and Wiley},
  year={1984}
}

@book{griffiths2008introduction,
  title={Introduction to elementary particles},
  author={Griffiths, David},
  year={2008},
  publisher={John Wiley \& Sons}
}

@book{peskin2018introduction,
  title={An introduction to quantum field theory},
  author={Peskin, Michael E},
  year={2018},
  publisher={CRC Press}
}

@misc{Cunha13,
  author        = {Michiel Botje},
  title         = {Lecture notes Particle Physics II, Quantum chromo dynamics},
  month         = {November},
  year          = {2013},
  publisher={Nikhef, Science Park, Amsterdam}
}

@article{Fischer:2014bja,
      author         = "Fischer, Nadine and Gieseke, Stefan and Plätzer, Simon
                        and Skands, Peter",
      title          = "{Revisiting radiation patterns in $e^+e^-$ collisions}",
      journal        = "Eur. Phys. J.",
      volume         = "C74",
      year           = "2014",
      number         = "4",
      pages          = "2831",
      doi            = "10.1140/epjc/s10052-014-2831-5",
      eprint         = "1402.3186",
      archivePrefix  = "arXiv",
      primaryClass   = "hep-ph",
      reportNumber   = "CERN-PH-TH-2014-018, DESY-14-014, KA-TP-05-2014,
                        MCNET-14-04",
      SLACcitation   = "%%CITATION = ARXIV:1402.3186;%%"
}

@article{Platzer:2011dq,
      author         = "Platzer, Simon and Sjodahl, Malin",
      title          = "{The Sudakov Veto Algorithm Reloaded}",
      journal        = "Eur. Phys. J. Plus",
      volume         = "127",
      year           = "2012",
      pages          = "26",
      doi            = "10.1140/epjp/i2012-12026-x",
      eprint         = "1108.6180",
      archivePrefix  = "arXiv",
      primaryClass   = "hep-ph",
      reportNumber   = "DESY-11-146, KA-TP-22-2011, MCNET-11-19",
      SLACcitation   = "%%CITATION = ARXIV:1108.6180;%%"
}

@article{Platzer:2018pmd,
      author         = "Plätzer, Simon and Sjodahl, Malin and Thorén, Johan",
      title          = "{Color matrix element corrections for parton showers}",
      journal        = "JHEP",
      volume         = "11",
      year           = "2018",
      pages          = "009",
      doi            = "10.1007/JHEP11(2018)009",
      eprint         = "1808.00332",
      archivePrefix  = "arXiv",
      primaryClass   = "hep-ph",
      reportNumber   = "LU-TP 18-21, MCNET-18-14, UWTHPH-2018-21",
      SLACcitation   = "%%CITATION = ARXIV:1808.00332;%%"
}

@article{Platzer:2009jq,
      author         = "Platzer, Simon and Gieseke, Stefan",
      title          = "{Coherent Parton Showers with Local Recoils}",
      journal        = "JHEP",
      volume         = "01",
      year           = "2011",
      pages          = "024",
      doi            = "10.1007/JHEP01(2011)024",
      eprint         = "0909.5593",
      archivePrefix  = "arXiv",
      primaryClass   = "hep-ph",
      reportNumber   = "HERWIG-09-06, KA-TP-15-2009, MCNET-09-15",
      SLACcitation   = "%%CITATION = ARXIV:0909.5593;%%"
}

@article{Gieseke:2003rz,
      author         = "Gieseke, Stefan and Stephens, P. and Webber, Bryan",
      title          = "{New formalism for QCD parton showers}",
      journal        = "JHEP",
      volume         = "12",
      year           = "2003",
      pages          = "045",
      doi            = "10.1088/1126-6708/2003/12/045",
      eprint         = "hep-ph/0310083",
      archivePrefix  = "arXiv",
      primaryClass   = "hep-ph",
      reportNumber   = "CAVENDISH-HEP-03-18, CERN-TH-2003-239",
      SLACcitation   = "%%CITATION = HEP-PH/0310083;%%"
}

@article{Ellis:1991qj,
      author         = "Ellis, R. Keith and Stirling, W. James and Webber, B. R.",
      title          = "{QCD and collider physics}",
      journal        = "Camb. Monogr. Part. Phys. Nucl. Phys. Cosmol.",
      volume         = "8",
      year           = "1996",
      pages          = "1-435",
      SLACcitation   = "%%CITATION = CMPCE,8,1;%%"
}

@article{Seymour:1994we,
      author         = "Seymour, Michael H.",
      title          = "{A Simple prescription for first order corrections to
                        quark scattering and annihilation processes}",
      journal        = "Nucl. Phys.",
      volume         = "B436",
      year           = "1995",
      pages          = "443-460",
      doi            = "10.1016/0550-3213(94)00554-R",
      eprint         = "hep-ph/9410244",
      archivePrefix  = "arXiv",
      primaryClass   = "hep-ph",
      reportNumber   = "LU-TP-94-13",
      SLACcitation   = "%%CITATION = HEP-PH/9410244;%%"
}

@book{Schwartz:2013pla,
      author         = "Schwartz, Matthew D.",
      title          = "{Quantum Field Theory and the Standard Model}",
      publisher      = "Cambridge University Press",
      year           = "2014",
      url            = "http://www.cambridge.org/us/academic/subjects/physics/theoretical-physics-and-mathematical-physics/quantum-field-theory-and-standard-model",
      ISBN           = "1107034736, 9781107034730",
      SLACcitation   = "%%CITATION = INSPIRE-1276589;%%"
}

@misc{Ender,
 author  =  "M. Ender",
 title   =  "Radiodetektion von Luftschauern unter dem Einfluss starker elektronischer Felder in der Atmosphäre",
 note = {Diplom Thesis},
 ADDRESS      = "Karlsruhe Institut für Technologie (KIT)",
 year           = "2009",
}

@article{Bluemer:2009zf,
      author         = "Blumer, Johannes and Engel, Ralph and Horandel, Jorg R.",
      title          = "{Cosmic Rays from the Knee to the Highest Energies}",
      journal        = "Prog. Part. Nucl. Phys.",
      volume         = "63",
      year           = "2009",
      pages          = "293-338",
      doi            = "10.1016/j.ppnp.2009.05.002",
      eprint         = "0904.0725",
      archivePrefix  = "arXiv",
      primaryClass   = "astro-ph.HE",
      SLACcitation   = "%%CITATION = ARXIV:0904.0725;%%"
}

@Inbook{Greiner1989,
author="Greiner, Walter
and M{\"u}ller, Berndt",
title="Representations of the Permutation Group and Young Tableaux",
bookTitle="Quantum Mechanics: Symmetries",
year="1989",
publisher="Springer Berlin Heidelberg",
address="Berlin, Heidelberg",
isbn="978-3-662-00902-4",
doi="10.1007/978-3-662-00902-4_9",
}

@misc{Eva,
  author        = {Eva Popenda},
  title         = {Hadron-Kollider-Experimente bei sehr hohen Energien},
  month         = {WS},
  year          = {2016/2017},
  publisher={RWTH Aachen}
}

@book{edelhaeuser2016tutorium,
  title={Tutorium Quantenfeldtheorie: Was Sie schon immer {\"u}ber QFT wissen wollten, aber bisher nicht zu fragen wagten},
  author={Edelh{\"a}user, L. and Knochel, A.},
  isbn={9783642376764},
  url={https://books.google.de/books?id=WrkWDAAAQBAJ},
  year={2016},
  publisher={Springer Berlin Heidelberg}
}

@misc{TitlePicture,
  author        = {Gudrun Heinrich},
  title         = {Introduction to Quantum Chromodynamics
and Loop Calculations},
  month         = {SS},
  year          = {2018},
  publisher={Max Planck Institute for Physics, Munich}
}

@inproceedings{Ward:1995xy,
      author         = "Ward, B. F. L. and Jadach, S.",
      title          = "{Dokshitser-gribov-lipatov-Altarelli-parisi evolution and
                        the renormalization group improved yennie-frautschi-suura
                        theory in QCD}",
      booktitle      = "{High-energy physics. Proceedings, 29th International
                        Conference, ICHEP'98, Vancouver, Canada, July 23-29, 1998.
                        Vol. 1, 2}",
      year           = "1995",
      pages          = "1628-1633",
      note           = "[Submitted to: Phys. Lett. B(1995)]",
      eprint         = "hep-ph/9705431",
      archivePrefix  = "arXiv",
      primaryClass   = "hep-ph",
      reportNumber   = "UTHEP-95-1101",
      SLACcitation   = "%%CITATION = HEP-PH/9705431;%%"
}

@article{Faddeev:1967fc,
      author         = "Faddeev, L. D. and Popov, V. N.",
      title          = "{Feynman Diagrams for the Yang-Mills Field}",
      journal        = "Phys. Lett.",
      volume         = "B25",
      year           = "1967",
      pages          = "29-30",
      doi            = "10.1016/0370-2693(67)90067-6",
      note           = "[,325(1967)]",
      SLACcitation   = "%%CITATION = PHLTA,B25,29;%%"
}